@misc{ scrum:latex,
       author = "Wikipedia",
       title = "Scrum (desarrollo de software)",
       year = "2024",
       howpublished = {\url{https://es.wikipedia.org/wiki/Scrum_(desarrollo_de_software)}},
       note = "[Internet; accedido 11-mayo-2024]"
}

@misc{ autopep8:latex,
       author = "PyPi",
       title = "Autopep8",
       year = "2024",
       howpublished = {\url{https://pypi.org/project/autopep8/}},
       note = "[Internet; accedido 11-mayo-2024]"
}


@misc{ unittest:latex,
       author = "Docs Python",
       title = "Unit Test",
       year = "2024",
       howpublished = {\url{https://docs.python.org/es/3.9/library/unittest.html#assert-methods}},
       note = "[Internet; accedido 11-mayo-2024]"
}

@misc{ virtualenv:latex,
       author = "Docs Python",
       title = "Creation of virtual environments",
       year = "2024",
       howpublished = {\url{https://docs.python.org/3/library/venv.html}},
       note = "[Internet; accedido 12-mayo-2024]"
}

@misc{ mysqlpython:latex,
       author = "Tutoriales programación",
       title = "Base de datos MySQL desde Python",
       year = "2024",
       howpublished = {\url{https://www.tutorialesprogramacionya.com/pythonya/detalleconcepto.php?punto=81&codigo=81&inicio=75#google_vignette}},
       note = "[Internet; accedido 12-mayo-2024]"
}

@misc{ aspnetcore:latex,
       author = "Microsoft",
       title = "Información general ASP .NET Core MVC",
       year = "2024",
       howpublished = {\url{https://learn.microsoft.com/es-es/aspnet/core/mvc/overview?view=aspnetcore-8.0}},
       note = "[Internet; accedido 15-mayo-2024]"
}

@misc{ autenticaciongoogle:latex,
       author = "Microsoft",
       title = "Configuración de inicio de sesión externo de Google en ASP.NET Core",
       year = "2024",
       howpublished = {\url{https://learn.microsoft.com/es-es/aspnet/core/security/authentication/social/google-logins?view=aspnetcore-8.0}},
       note = "[Internet; accedido 15-mayo-2024]"
}

@misc{ googlecalendar:latex,
       author = "Medium",
       title = "Crear eventos de Google Calendar en ASP.NET Core",
       year = "2024",
       howpublished = {\url{https://medium.com/@mberrish/create-a-google-calendar-event-from-the-net-core-application-cf6d4a4f3365}},
       note = "[Internet; accedido 16-mayo-2024]"
}

@misc{ icalendar:latex,
       author = "Medium Multimedia",
       title = "Guía completa para crear un archivo ICS",
       year = "2024",
       howpublished = {\url{https://www.mediummultimedia.com/apps/como-se-crea-un-archivo-ics/}},
       note = "[Internet; accedido 16-mayo-2024]"
}

@misc{ azureservices:latex,
       author = "Microsoft",
       title = "Azure App Services",
       year = "2024",
       howpublished = {\url{https://azure.microsoft.com/es-es/products/app-service}},
       note = "[Internet; accedido 18-mayo-2024]"
}

@misc{ githubactions:latex,
       author = "GitHub",
       title = "GitHub Actions documentation",
       year = "2024",
       howpublished = {\url{https://docs.github.com/es/actions}},
       note = "[Internet; accedido 18-mayo-2024]"
}

@misc{ salarioingeniero:latex,
       author = "Talent",
       title = "Salario medio para Ingeniero Informático en España",
       year = "2024",
       howpublished = {\url{https://es.talent.com/salary?job=ingeniero+inform%C3%A1tico}},
       note = "[Internet; accedido 20-mayo-2024]"
}

@misc{ costetrabajador:latex,
       author = "Endalia",
       title = "Coste de un trabajador para la empresa",
       year = "2024",
       howpublished = {\url{https://es.talent.com/salary?job=ingeniero+inform%C3%A1tico}},
       note = "[Internet; accedido 20-mayo-2024]"
}

@misc{ codigoabierto:latex,
       author = "Tecno Soluciones",
       title = "Licencias de software de código abierto",
       year = "2024",
       howpublished = {\url{https://tecnosoluciones.com/licencias-de-software-de-codigo-abierto-open-source/}},
       note = "[Internet; accedido 20-mayo-2024]"
}

@misc{ licenciamit:latex,
       author = "Wikipedia",
       title = "Licencia MIT",
       year = "2024",
       howpublished = {\url{https://es.wikipedia.org/wiki/Licencia_MIT}},
       note = "[Internet; accedido 20-mayo-2024]"
}

@misc{ especificacionrequisitos:latex,
       author = "Wikipedia",
       title = "Especificación de requisitos de software",
       year = "2024",
       howpublished = {\url{https://es.wikipedia.org/wiki/Especificaci%C3%B3n_de_requisitos_de_software}},
       note = "[Internet; accedido 22-mayo-2024]"
}

@misc{ patronmvc:latex,
       author = "CampusMVP",
       title = "Patrón Modelo-Vista-Controlador",
       year = "2024",
       howpublished = {\url{https://www.campusmvp.es/recursos/post/que-es-el-patron-mvc-en-programacion-y-por-que-es-util.aspx}},
       note = "[Internet; accedido 23-mayo-2024]"
}

@misc{ inyecciondependencias:latex,
       author = "Developer",
       title = "Inyeccion de dependencias en .NET",
       year = "2024",
       howpublished = {\url{https://www.developerro.com/2023/06/28/dotnet-dependency-injection/}},
       note = "[Internet; accedido 24-mayo-2024]"
}

@misc{ patronmvvm:latex,
       author = "Microsoft",
       title = "Modelo-Vista-Modelo de vista",
       year = "2024",
       howpublished = {\url{https://learn.microsoft.com/es-es/dotnet/architecture/maui/mvvm}},
       note = "[Internet; accedido 25-mayo-2024]"
}

@misc{ patronestrategia:latex,
       author = "Wikipedia",
       title = "Patrón Strategy",
       year = "2024",
       howpublished = {\url{https://es.wikipedia.org/wiki/Strategy_(patr%C3%B3n_de_dise%C3%B1o)}},
       note = "[Internet; accedido 26-mayo-2024]"
}

@misc{ mock:latex,
       author = "Docs Python",
       title = "Mock object library",
       year = "2024",
       howpublished = {\url{https://docs.python.org/3/library/unittest.mock.html}},
       note = "[Internet; accedido 30-mayo-2024]"
}

@misc{ ods:latex,
       author = "Undp",
       title = "Objetivos de Desarrollo Sostenible",
       year = "2024",
       howpublished = {\url{https://docs.python.org/3/library/unittest.mock.html}},
       note = "[Internet; accedido 5-junio-2024]"
}

@misc{ requests:latex,
       author = "Read the Docs",
       title = "Requests",
       year = "2024",
       howpublished = {\url{https://requests.readthedocs.io/en/latest/}},
       note = "[Internet; accedido 5-junio-2024]"
}
@misc{ beautifulsoup:latex,
       author = "Bright Data",
       title = "Beautiful Soup 4",
       year = "2024",
       howpublished = {\url{https://brightdata.es/blog/procedimientos/raspado-de-datos-web-usando-beautiful-soup-de-python}},
       note = "[Internet; accedido 5-junio-2024]"
}

@misc{ selenium:latex,
       author = "Aprende Python",
       title = "Selenium",
       year = "2024",
       howpublished = {\url{https://aprendepython.es/pypi/scraping/selenium/}},
       note = "[Internet; accedido 5-junio-2024]"
}

@misc{ strategy:latex,
       author = "Wikipedia",
       title = "Strategy Pattern",
       year = "2024",
       howpublished = {\url{https://commons.wikimedia.org/wiki/File:Strategy_Pattern.png}},
       note = "[Internet; accedido 5-junio-2024]"
}

@misc{ apmvc:latex,
       author = "Wikipedia",
       title = "Model-View-Controller Architectural Pattern",
       year = "2024",
       howpublished = {\url{https://commons.wikimedia.org/wiki/File:Model-View-Controller_architectural_pattern.svg}},
       note = "[Internet; accedido 5-junio-2024]"
}




