
@misc{ raepdi:latex,
       author = "RAE",
       title = "Personal Docente e Investigador",
       year = "2024",
       howpublished = {\url{https://dpej.rae.es/lema/personal-docente-e-investigador}},
       note = "[Internet; accedido 1-junio-2024]"
}

@misc{ raepas:latex,
       author = "RAE",
       title = "Personal Administración y Servicios",
       year = "2024",
       howpublished = {\url{https://dpej.rae.es/lema/personal-de-administraci%C3%B3n-y-servicios}},
       note = "[Internet; accedido 1-junio-2024]"
}

@misc{ pdi:latex,
       author = "Goyache",
       title = "Personal Docente e Investigador",
       year = "2024",
       howpublished = {\url{https://goyache.es/diversidad/personal-docente-investigador-pdi-por-que-el-docente-debe-investigar/}},
       note = "[Internet; accedido 1-junio-2024]"
}

@misc{ pas:latex,
       author = "Goyache",
       title = "Personal Administración y Servicios",
       year = "2024",
       howpublished = {\url{https://goyache.es/ucm/funciones-personal-universitario-ucm-pas-pdi/}},
       note = "[Internet; accedido 1-junio-2024]"
}

@misc{ scrum:latex,
       author = "Wikipedia",
       title = "Scrum",
       year = "2024",
       howpublished = {\url{https://es.wikipedia.org/wiki/Scrum_(desarrollo_de_software)}},
       note = "[Internet; accedido 2-junio-2024]"
}

@misc{ git:latex,
       author = "Microsoft",
       title = "Git",
       year = "2024",
       howpublished = {\url{https://learn.microsoft.com/es-es/devops/develop/git/what-is-git}},
       note = "[Internet; accedido 2-junio-2024]"
}

@misc{ github:latex,
       author = "Wikipedia",
       title = "GitHub",
       year = "2024",
       howpublished = {\url{https://es.wikipedia.org/wiki/GitHub}},
       note = "[Internet; accedido 2-junio-2024]"
}

@misc{ vscode:latex,
       author = "Wikipedia",
       title = "Visual Studio Code",
       year = "2024",
       howpublished = {\url{https://es.wikipedia.org/wiki/Visual_Studio_Code}},
       note = "[Internet; accedido 4-junio-2024]"
}

@misc{ vscommunity:latex,
       author = "Wikipedia",
       title = "Microsoft Visual Studio",
       year = "2024",
       howpublished = {\url{https://es.wikipedia.org/wiki/Microsoft_Visual_Studio}},
       note = "[Internet; accedido 4-junio-2024]"
}

@misc{ webscraping:latex,
       author = "Axarnet",
       title = "Web Scraping",
       year = "2024",
       howpublished = {\url{https://axarnet.es/blog/web-scrapping}},
       note = "[Internet; accedido 5-junio-2024]"
}

@misc{ webscrapingwiki:latex,
       author = "Wikipedia",
       title = "Web Scraping",
       year = "2024",
       howpublished = {\url{https://es.wikipedia.org/wiki/Web_scraping#:~:text=Web%20scraping%20o%20raspado%20web,un%20navegador%20en%20una%20aplicaci%C3%B3n.}},
       note = "[Internet; accedido 5-junio-2024]"
}

@misc{ requests:latex,
       author = "Read the Docs",
       title = "Requests",
       year = "2024",
       howpublished = {\url{https://requests.readthedocs.io/en/latest/}},
       note = "[Internet; accedido 5-junio-2024]"
}

@misc{ soup:latex,
       author = "PyPi",
       title = "Beautiful Soup 4",
       year = "2024",
       howpublished = {\url{https://pypi.org/project/beautifulsoup4/}},
       note = "[Internet; accedido 5-junio-2024]"
}

@misc{ beautifulsoup:latex,
       author = "Bright Data",
       title = "Beautiful Soup 4",
       year = "2024",
       howpublished = {\url{https://brightdata.es/blog/procedimientos/raspado-de-datos-web-usando-beautiful-soup-de-python}},
       note = "[Internet; accedido 5-junio-2024]"
}

@misc{ selenium:latex,
       author = "Aprende Python",
       title = "Selenium",
       year = "2024",
       howpublished = {\url{https://aprendepython.es/pypi/scraping/selenium/}},
       note = "[Internet; accedido 5-junio-2024]"
}

@misc{ mysql:latex,
       author = "Arsys",
       title = "MySQL",
       year = "2024",
       howpublished = {\url{https://www.arsys.es/blog/mysql}},
       note = "[Internet; accedido 6-junio-2024]"
}


@misc{ .net:latex,
       author = "Microsoft",
       title = "ASP .NET Core MVC",
       year = "2024",
       howpublished = {\url{https://learn.microsoft.com/es-es/aspnet/core/mvc/overview?view=aspnetcore-8.0}},
       note = "[Internet; accedido 6-junio-2024]"
}

@misc{ pagedlist:latex,
       author = "GitHub",
       title = "X.PagedList",
       year = "2024",
       howpublished = {\url{https://github.com/dncuug/X.PagedList}},
       note = "[Internet; accedido 6-junio-2024]"
}

@misc{ pomelomysql:latex,
       author = "Entity Framework",
       title = "Pomelo MySQL Provider",
       year = "2024",
       howpublished = {\url{https://entityframework-extensions.net/efcore-pomelo-mysql-provider}},
       note = "[Internet; accedido 6-junio-2024]"
}

@misc{ mailkit:latex,
       author = "Oracle",
       title = "Mailkit Tool",
       year = "2024",
       howpublished = {\url{https://docs.oracle.com/es-ww/iaas/Content/Email/Reference/mailkit.htm}},
       note = "[Internet; accedido 6-junio-2024]"
}

@misc{ smtp:latex,
       author = "IBM",
       title = "SMTP Protocol",
       year = "2024",
       howpublished = {\url{https://www.ibm.com/docs/es/i/7.3?topic=information-smtp}},
       note = "[Internet; accedido 6-junio-2024]"
}

@misc{ githubactions:latex,
       author = "GitHub",
       title = "GitHub Actions",
       year = "2024",
       howpublished = {\url{https://docs.github.com/es/actions/learn-github-actions/understanding-github-actions}},
       note = "[Internet; accedido 7-junio-2024]"
}

@misc{ azure:latex,
       author = "Wikipedia",
       title = "Microsoft Azure",
       year = "2024",
       howpublished = {\url{https://es.wikipedia.org/wiki/Microsoft_Azure}},
       note = "[Internet; accedido 7-junio-2024]"
}

@misc{ azuremysql:latex,
       author = "Microsoft",
       title = "Azure database for MySQL",
       year = "2024",
       howpublished = {\url{https://azure.microsoft.com/es-es/products/mysql}},
       note = "[Internet; accedido 7-junio-2024]"
}

@misc{ azureappservices:latex,
       author = "Microsoft",
       title = "Azure App Services",
       year = "2024",
       howpublished = {\url{https://learn.microsoft.com/es-es/azure/app-service/overview}},
       note = "[Internet; accedido 7-junio-2024]"
}

@misc{ adaptativo:latex,
       author = "Wikipedia",
       title = "Diseño Adaptativo de Páginas Web",
       year = "2024",
       howpublished = {\url{https://es.wikipedia.org/wiki/Dise%C3%B1o_web_adaptable}},
       note = "[Internet; accedido 7-junio-2024]"
}

@misc{ mediaqueries:latex,
       author = "Mozilla Developer",
       title = "Uso de Media Queries",
       year = "2024",
       howpublished = {\url{https://developer.mozilla.org/es/docs/Web/CSS/CSS_media_queries/Using_media_queries}},
       note = "[Internet; accedido 7-junio-2024]"
}

@misc{ unittest:latex,
       author = "Python Org",
       title = "UnitTest Library",
       year = "2024",
       howpublished = {\url{https://docs.python.org/3/library/unittest.html}},
       note = "[Internet; accedido 8-junio-2024]"
}

@misc{ latex:latex,
       author = "Wikipedia",
       title = "Latex",
       year = "2024",
       howpublished = {\url{https://es.wikipedia.org/wiki/LaTeX}},
       note = "[Internet; accedido 8-junio-2024]"
}

@misc{ pep8:latex,
       author = "Pythonista",
       title = "Guía de estilos PEP-8",
       year = "2024",
       howpublished = {\url{https://elpythonista.com/pep-8}},
       note = "[Internet; accedido 8-junio-2024]"
}

@misc{ usal:latex,
       author = "Universidad de Salamanca",
       title = "Convocatorias PDI",
       year = "2024",
       howpublished = {\url{https://www.usal.es/concursos-para-la-provision-de-plazas-de-pdi-contratado-laboral}},
       note = "[Internet; accedido 10-junio-2024]"
}

@misc{ ule:latex,
       author = "Universidad de León",
       title = "Convocatorias PDI",
       year = "2024",
       howpublished = {\url{https://www.unileon.es/actualidad/convocatorias}},
       note = "[Internet; accedido 10-junio-2024]"
}

@misc{ uva:latex,
       author = "Universidad de Valladolid",
       title = "Convocatorias PDI",
       year = "2024",
       howpublished = {\url{https://pdi.uva.es/1.convocatorias/index.html}},
       note = "[Internet; accedido 10-junio-2024]"
}

@misc{ docker:latex,
       author = "Docker",
       title = "Docker",
       year = "2024",
       howpublished = {\url{https://www.docker.com/}},
       note = "[Internet; accedido 10-junio-2024]"
}

@misc{ oauth2:latex,
       author = "Oauth2",
       title = "What is Oauth2",
       year = "2024",
       howpublished = {\url{https://auth0.com/es/intro-to-iam/what-is-oauth-2}},
       note = "[Internet; accedido 10-junio-2024]"
}























